%YAML 1.1
%TAG !u! tag:unity3d.com,2011:
--- !u!1 &2010652628899145688
GameObject:
  m_ObjectHideFlags: 0
  m_CorrespondingSourceObject: {fileID: 0}
  m_PrefabInstance: {fileID: 0}
  m_PrefabAsset: {fileID: 0}
  serializedVersion: 6
  m_Component:
  - component: {fileID: 7108706977041083046}
  m_Layer: 0
  m_Name: Point (4)
  m_TagString: Untagged
  m_Icon: {fileID: 0}
  m_NavMeshLayer: 0
  m_StaticEditorFlags: 0
  m_IsActive: 1
--- !u!4 &7108706977041083046
Transform:
  m_ObjectHideFlags: 0
  m_CorrespondingSourceObject: {fileID: 0}
  m_PrefabInstance: {fileID: 0}
  m_PrefabAsset: {fileID: 0}
  m_GameObject: {fileID: 2010652628899145688}
  m_LocalRotation: {x: -0, y: -0, z: 0.92387956, w: 0.38268343}
  m_LocalPosition: {x: 0, y: 0.3, z: 0}
  m_LocalScale: {x: 1, y: 1, z: 1}
  m_Children: []
  m_Father: {fileID: 4502441977469432182}
  m_RootOrder: 4
  m_LocalEulerAnglesHint: {x: 0, y: 0, z: 135}
--- !u!1 &2573296023835041616
GameObject:
  m_ObjectHideFlags: 0
  m_CorrespondingSourceObject: {fileID: 0}
  m_PrefabInstance: {fileID: 0}
  m_PrefabAsset: {fileID: 0}
  serializedVersion: 6
  m_Component:
  - component: {fileID: 5871120296794993310}
  m_Layer: 0
  m_Name: Point (5)
  m_TagString: Untagged
  m_Icon: {fileID: 0}
  m_NavMeshLayer: 0
  m_StaticEditorFlags: 0
  m_IsActive: 1
--- !u!4 &5871120296794993310
Transform:
  m_ObjectHideFlags: 0
  m_CorrespondingSourceObject: {fileID: 0}
  m_PrefabInstance: {fileID: 0}
  m_PrefabAsset: {fileID: 0}
  m_GameObject: {fileID: 2573296023835041616}
  m_LocalRotation: {x: -0, y: -0, z: -0.92387956, w: 0.38268343}
  m_LocalPosition: {x: 0, y: 0.3, z: 0}
  m_LocalScale: {x: 1, y: 1, z: 1}
  m_Children: []
  m_Father: {fileID: 4502441977469432182}
  m_RootOrder: 5
  m_LocalEulerAnglesHint: {x: 0, y: 0, z: -135}
--- !u!1 &4302657594536843928
GameObject:
  m_ObjectHideFlags: 0
  m_CorrespondingSourceObject: {fileID: 0}
  m_PrefabInstance: {fileID: 0}
  m_PrefabAsset: {fileID: 0}
  serializedVersion: 6
  m_Component:
  - component: {fileID: 2171207770981582553}
  m_Layer: 0
  m_Name: Point (2)
  m_TagString: Untagged
  m_Icon: {fileID: 0}
  m_NavMeshLayer: 0
  m_StaticEditorFlags: 0
  m_IsActive: 1
--- !u!4 &2171207770981582553
Transform:
  m_ObjectHideFlags: 0
  m_CorrespondingSourceObject: {fileID: 0}
  m_PrefabInstance: {fileID: 0}
  m_PrefabAsset: {fileID: 0}
  m_GameObject: {fileID: 4302657594536843928}
  m_LocalRotation: {x: -0, y: -0, z: 0.38268343, w: 0.92387956}
  m_LocalPosition: {x: 0, y: 0.3, z: 0}
  m_LocalScale: {x: 1, y: 1, z: 1}
  m_Children: []
  m_Father: {fileID: 4502441977469432182}
  m_RootOrder: 2
  m_LocalEulerAnglesHint: {x: 0, y: 0, z: 45}
--- !u!114 &2860406549493934354
MonoBehaviour:
  m_ObjectHideFlags: 0
  m_CorrespondingSourceObject: {fileID: 0}
  m_PrefabInstance: {fileID: 0}
  m_PrefabAsset: {fileID: 0}
  m_GameObject: {fileID: 4502441977469432183}
  m_Enabled: 1
  m_EditorHideFlags: 0
  m_Script: {fileID: 11500000, guid: 6289f87934eb0e249a1230354b1fb754, type: 3}
  m_Name: 
  m_EditorClassIdentifier: 
  enemyGun: 0
  connected: 0
  invunerable: 0
  bullet: {fileID: 5373689455753713463, guid: 7cfc32cecf8b7554b975aec735b04ce1, type: 3}
  point: {fileID: 4502441977882063753}
  lvl: 1
  life: 5
  shotSpeed: 125
  points:
  - {fileID: 2171207770981582553}
  - {fileID: 7537130486019624442}
  - {fileID: 7108706977041083046}
  - {fileID: 5871120296794993310}
--- !u!1 &6427723644943997117
GameObject:
  m_ObjectHideFlags: 0
  m_CorrespondingSourceObject: {fileID: 0}
  m_PrefabInstance: {fileID: 0}
  m_PrefabAsset: {fileID: 0}
  serializedVersion: 6
  m_Component:
  - component: {fileID: 7537130486019624442}
  m_Layer: 0
  m_Name: Point (3)
  m_TagString: Untagged
  m_Icon: {fileID: 0}
  m_NavMeshLayer: 0
  m_StaticEditorFlags: 0
  m_IsActive: 1
--- !u!4 &7537130486019624442
Transform:
  m_ObjectHideFlags: 0
  m_CorrespondingSourceObject: {fileID: 0}
  m_PrefabInstance: {fileID: 0}
  m_PrefabAsset: {fileID: 0}
  m_GameObject: {fileID: 6427723644943997117}
  m_LocalRotation: {x: -0, y: -0, z: -0.38268343, w: 0.92387956}
  m_LocalPosition: {x: 0, y: 0.3, z: 0}
  m_LocalScale: {x: 1, y: 1, z: 1}
  m_Children: []
  m_Father: {fileID: 4502441977469432182}
  m_RootOrder: 3
  m_LocalEulerAnglesHint: {x: 0, y: 0, z: -45}
--- !u!1001 &69689882729674178
PrefabInstance:
  m_ObjectHideFlags: 0
  serializedVersion: 2
  m_Modification:
    m_TransformParent: {fileID: 0}
    m_Modifications:
    - target: {fileID: 4507106570715595957, guid: 20642334f115a8a4c823c48ef1331ff8,
        type: 3}
      propertyPath: m_Name
      value: StarGun Variant
      objectReference: {fileID: 0}
    - target: {fileID: 4507106570715595956, guid: 20642334f115a8a4c823c48ef1331ff8,
        type: 3}
      propertyPath: m_RootOrder
      value: 0
      objectReference: {fileID: 0}
    - target: {fileID: 4507106570715595956, guid: 20642334f115a8a4c823c48ef1331ff8,
        type: 3}
      propertyPath: m_LocalEulerAnglesHint.x
      value: 0
      objectReference: {fileID: 0}
    - target: {fileID: 4507106570715595956, guid: 20642334f115a8a4c823c48ef1331ff8,
        type: 3}
      propertyPath: m_LocalEulerAnglesHint.y
      value: 0
      objectReference: {fileID: 0}
    - target: {fileID: 4507106570715595956, guid: 20642334f115a8a4c823c48ef1331ff8,
        type: 3}
      propertyPath: m_LocalEulerAnglesHint.z
      value: 0
      objectReference: {fileID: 0}
    - target: {fileID: 4507106570715595953, guid: 20642334f115a8a4c823c48ef1331ff8,
        type: 3}
      propertyPath: m_Color.b
      value: 0
      objectReference: {fileID: 0}
    m_RemovedComponents: []
  m_SourcePrefab: {fileID: 100100000, guid: 20642334f115a8a4c823c48ef1331ff8, type: 3}
--- !u!1 &4502441977469432183 stripped
GameObject:
  m_CorrespondingSourceObject: {fileID: 4507106570715595957, guid: 20642334f115a8a4c823c48ef1331ff8,
    type: 3}
  m_PrefabInstance: {fileID: 69689882729674178}
  m_PrefabAsset: {fileID: 0}
--- !u!4 &4502441977469432182 stripped
Transform:
  m_CorrespondingSourceObject: {fileID: 4507106570715595956, guid: 20642334f115a8a4c823c48ef1331ff8,
    type: 3}
  m_PrefabInstance: {fileID: 69689882729674178}
  m_PrefabAsset: {fileID: 0}
--- !u!4 &4502441977882063753 stripped
Transform:
  m_CorrespondingSourceObject: {fileID: 4507106571146085963, guid: 20642334f115a8a4c823c48ef1331ff8,
    type: 3}
  m_PrefabInstance: {fileID: 69689882729674178}
  m_PrefabAsset: {fileID: 0}
